% Add the complete information of the reference, here is an example (but it's
% missing some section).
@article{key1234,
    author = {Lastname, Firstname and Second, Author},
    date = {2020-05-19},
    title = {Title of Paper Example Reference},
    journaltitle = {Journal of Kansei Design Laboratory}
}
